{
  "leader": "02084cam a22004811i 4500",
  "fields": [
    {
      "001": "ocm00755678\\"
    },
    {
      "003": "OCoLC"
    },
    {
      "005": "20220629153618.0"
    },
    {
      "008": "731206s1916\\\\\\\\ohu\\\\\\\\\\\\\\\\\\\\\\000\\0\\eng\\\\"
    },
    {
      "010": {
        "ind1": "\\",
        "ind2": "\\",
        "subfields": [
          {
            "a": "   16011277 "
          }
        ]
      }
    },
    {
      "040": {
        "ind1": "\\",
        "ind2": "\\",
        "subfields": [
          {
            "a": "DLC"
          },
          {
            "b": "eng"
          },
          {
            "c": "DLC"
          },
          {
            "d": "CSU"
          },
          {
            "d": "KSU"
          },
          {
            "d": "AMAZN"
          },
          {
            "d": "HMG"
          },
          {
            "d": "OCLCF"
          },
          {
            "d": "OCLCQ"
          },
          {
            "d": "OCLCO"
          },
          {
            "d": "OCLCQ"
          },
          {
            "d": "VVC"
          },
          {
            "d": "NJR"
          },
          {
            "d": "OCLCA"
          },
          {
            "d": "ZD0"
          },
          {
            "d": "OCLCO"
          }
        ]
      }
    },
    {
      "019": {
        "ind1": "\\",
        "ind2": "\\",
        "subfields": [
          {
            "a": "1270535949"
          },
          {
            "a": "1271059695"
          }
        ]
      }
    },
    {
      "024": {
        "ind1": "8",
        "ind2": "\\",
        "subfields": [
          {
            "a": "SBRT4932776"
          }
        ]
      }
    },
    {
      "035": {
        "ind1": "\\",
        "ind2": "\\",
        "subfields": [
          {
            "a": "(OCoLC)755678"
          },
          {
            "z": "(OCoLC)1270535949"
          },
          {
            "z": "(OCoLC)1271059695"
          }
        ]
      }
    },
    {
      "042": {
        "ind1": "\\",
        "ind2": "\\",
        "subfields": [
          {
            "a": "premarc"
          }
        ]
      }
    },
    {
      "043": {
        "ind1": "\\",
        "ind2": "\\",
        "subfields": [
          {
            "a": "n-us-oh"
          }
        ]
      }
    },
    {
      "050": {
        "ind1": "0",
        "ind2": "0",
        "subfields": [
          {
            "a": "LA348.C6"
          },
          {
            "b": "A3 no. 14"
          }
        ]
      }
    },
    {
      "050": {
        "ind1": "1",
        "ind2": "4",
        "subfields": [
          {
            "a": "LB2842.2"
          },
          {
            "b": ".J47x"
          }
        ]
      }
    },
    {
      "082": {
        "ind1": "0",
        "ind2": "4",
        "subfields": [
          {
            "a": "371.1"
          },
          {
            "b": "J49"
          }
        ]
      }
    },
    {
      "100": {
        "ind1": "1",
        "ind2": "\\",
        "subfields": [
          {
            "a": "Jessup, Walter Albert,"
          },
          {
            "d": "1877-1944."
          }
        ]
      }
    },
    {
      "245": {
        "ind1": "1",
        "ind2": "4",
        "subfields": [
          {
            "a": "The teaching staff /"
          },
          {
            "c": "by Walter A. Jessup."
          }
        ]
      }
    },
    {
      "260": {
        "ind1": "\\",
        "ind2": "\\",
        "subfields": [
          {
            "a": "Cleveland, O. :"
          },
          {
            "b": "The Survey Committee of the Cleveland Foundation,"
          },
          {
            "c": "1916."
          }
        ]
      }
    },
    {
      "300": {
        "ind1": "\\",
        "ind2": "\\",
        "subfields": [
          {
            "a": "114 pages :"
          },
          {
            "b": "diagrams ;"
          },
          {
            "c": "18 cm."
          }
        ]
      }
    },
    {
      "336": {
        "ind1": "\\",
        "ind2": "\\",
        "subfields": [
          {
            "a": "text"
          },
          {
            "b": "txt"
          },
          {
            "2": "rdacontent"
          }
        ]
      }
    },
    {
      "337": {
        "ind1": "\\",
        "ind2": "\\",
        "subfields": [
          {
            "a": "unmediated"
          },
          {
            "b": "n"
          },
          {
            "2": "rdamedia"
          }
        ]
      }
    },
    {
      "338": {
        "ind1": "\\",
        "ind2": "\\",
        "subfields": [
          {
            "a": "volume"
          },
          {
            "b": "nc"
          },
          {
            "2": "rdacarrier"
          }
        ]
      }
    },
    {
      "490": {
        "ind1": "1",
        "ind2": "\\",
        "subfields": [
          {
            "a": "[Cleveland Foundation. Publications] 9 [i.e. 18]"
          }
        ]
      }
    },
    {
      "500": {
        "ind1": "\\",
        "ind2": "\\",
        "subfields": [
          {
            "a": "At head of title: Cleveland Education Survey."
          }
        ]
      }
    },
    {
      "500": {
        "ind1": "\\",
        "ind2": "\\",
        "subfields": [
          {
            "a": "\"This report ... is one of the 25 sections of the report of the Education Survey of Cleveland conducted by the Survey Committee of the Cleveland Foundation in 1915\"--Foreword."
          }
        ]
      }
    },
    {
      "530": {
        "ind1": "\\",
        "ind2": "\\",
        "subfields": [
          {
            "a": "Also issued online."
          }
        ]
      }
    },
    {
      "650": {
        "ind1": "\\",
        "ind2": "0",
        "subfields": [
          {
            "a": "Teachers"
          },
          {
            "z": "Ohio"
          },
          {
            "z": "Cleveland."
          }
        ]
      }
    },
    {
      "650": {
        "ind1": "\\",
        "ind2": "0",
        "subfields": [
          {
            "a": "Teachers"
          },
          {
            "x": "Salaries, etc."
          },
          {
            "z": "Ohio"
          },
          {
            "z": "Cleveland."
          }
        ]
      }
    },
    {
      "650": {
        "ind1": "\\",
        "ind2": "0",
        "subfields": [
          {
            "a": "Public schools"
          },
          {
            "z": "Ohio"
          },
          {
            "z": "Cleveland."
          }
        ]
      }
    },
    {
      "650": {
        "ind1": "\\",
        "ind2": "7",
        "subfields": [
          {
            "a": "Public schools."
          },
          {
            "2": "fast"
          },
          {
            "0": "(OCoLC)fst01082942"
          }
        ]
      }
    },
    {
      "650": {
        "ind1": "\\",
        "ind2": "7",
        "subfields": [
          {
            "a": "Teachers."
          },
          {
            "2": "fast"
          },
          {
            "0": "(OCoLC)fst01144248"
          }
        ]
      }
    },
    {
      "650": {
        "ind1": "\\",
        "ind2": "7",
        "subfields": [
          {
            "a": "Teachers"
          },
          {
            "x": "Salaries, etc."
          },
          {
            "2": "fast"
          },
          {
            "0": "(OCoLC)fst01144364"
          }
        ]
      }
    },
    {
      "651": {
        "ind1": "\\",
        "ind2": "7",
        "subfields": [
          {
            "a": "Ohio"
          },
          {
            "z": "Cleveland."
          },
          {
            "2": "fast"
          },
          {
            "0": "(OCoLC)fst01205966"
          }
        ]
      }
    },
    {
      "710": {
        "ind1": "2",
        "ind2": "\\",
        "subfields": [
          {
            "a": "Cleveland Foundation."
          },
          {
            "b": "Survey Committee."
          }
        ]
      }
    },
    {
      "776": {
        "ind1": "0",
        "ind2": "8",
        "subfields": [
          {
            "i": "Online version:"
          },
          {
            "a": "Jessup, Walter Albert, 1877-1944."
          },
          {
            "t": "Teaching staff."
          },
          {
            "d": "Cleveland, O., The Survey Committee of the Cleveland Foundation, 1916"
          },
          {
            "w": "(OCoLC)602892711"
          }
        ]
      }
    },
    {
      "830": {
        "ind1": "\\",
        "ind2": "0",
        "subfields": [
          {
            "a": "Publications (Cleveland Foundation) ;"
          },
          {
            "v": "9 [i.e. 18]."
          }
        ]
      }
    },
    {
      "994": {
        "ind1": "\\",
        "ind2": "\\",
        "subfields": [
          {
            "a": "Z0"
          },
          {
            "b": "NYRVC"
          }
        ]
      }
    },
    {
      "948": {
        "ind1": "\\",
        "ind2": "\\",
        "subfields": [
          {
            "h": "NO HOLDINGS IN NYRVC - 106 OTHER HOLDINGS"
          }
        ]
      }
    },
    {
      "999": {
        "ind1": "\\",
        "ind2": "\\",
        "subfields": [
          {
            "a": "No barcode."
          }
        ]
      }
    }
  ]
}